<record><leader>00000cas a22000007a 4500</leader><controlfield tag="001">37602502</controlfield><controlfield tag="008">970911d19681972tnuwr ne      0    0eng d</controlfield><datafield ind1=" " ind2=" " tag="010"><subfield code="a">sn 97065415 </subfield></datafield><datafield ind1=" " ind2=" " tag="040"><subfield code="a">TGN</subfield><subfield code="b">eng</subfield><subfield code="c">TGN</subfield><subfield code="d">OCLCQ</subfield><subfield code="d">OCLCF</subfield><subfield code="d">OCLCO</subfield></datafield><datafield ind1="1" ind2=" " tag="029"><subfield code="a">AU@</subfield><subfield code="b">000013497190</subfield></datafield><datafield ind1=" " ind2=" " tag="042"><subfield code="a">msc</subfield></datafield><datafield ind1=" " ind2=" " tag="043"><subfield code="a">n-us-tn</subfield></datafield><datafield ind1="0" ind2=" " tag="130"><subfield code="a">Monroe County democrat (Madisonville, Tenn.)</subfield></datafield><datafield ind1="1" ind2="4" tag="245"><subfield code="a">The Monroe County democrat.</subfield></datafield><datafield ind1=" " ind2=" " tag="260"><subfield code="a">Madisonville, Tenn. :</subfield><subfield code="b">Monroe Publishers,</subfield><subfield code="c">1968-1972.</subfield></datafield><datafield ind1=" " ind2=" " tag="300"><subfield code="a">v.</subfield></datafield><datafield ind1=" " ind2=" " tag="310"><subfield code="a">Weekly</subfield></datafield><datafield ind1="0" ind2=" " tag="362"><subfield code="a">Old ser., v. 79, no. 2 (Jan. 10, 1968)-v. 102, no. 8 (Oct. 25, 1972).</subfield></datafield><datafield ind1=" " ind2=" " tag="500"><subfield code="a">Publishers: Monroe Publishers Inc., 1968-1969; Monroe County Pub. Co., 1969-1972.</subfield></datafield><datafield ind1=" " ind2=" " tag="500"><subfield code="a">Editor: Dan Hicks, Jr., 1968-1972.</subfield></datafield><datafield ind1=" " ind2=" " tag="515"><subfield code="a">Old ser. v. 79, no. 2 (Jan. 10, 1968)-old ser., v. 71, no 4 (Jan. 29, 1969) = new ser., v. 4, no. 11-new ser., v. 6, no. 12.</subfield></datafield><datafield ind1=" " ind2=" " tag="515"><subfield code="a">Numbering is irregular.</subfield></datafield><datafield ind1=" " ind2="0" tag="651"><subfield code="a">Madisonville (Tenn.)</subfield><subfield code="v">Newspapers.</subfield></datafield><datafield ind1=" " ind2="0" tag="651"><subfield code="a">Monroe County (Tenn.)</subfield><subfield code="v">Newspapers.</subfield></datafield><datafield ind1=" " ind2="7" tag="655"><subfield code="a">Newspapers.</subfield><subfield code="2">fast</subfield><subfield code="0">(OCoLC)fst01423814</subfield></datafield><datafield ind1=" " ind2="7" tag="651"><subfield code="a">Tennessee</subfield><subfield code="z">Madisonville.</subfield><subfield code="2">fast</subfield><subfield code="0">(OCoLC)fst01231988</subfield></datafield><datafield ind1=" " ind2="7" tag="651"><subfield code="a">Tennessee</subfield><subfield code="z">Monroe County.</subfield><subfield code="2">fast</subfield><subfield code="0">(OCoLC)fst01208171</subfield></datafield><datafield ind1=" " ind2=" " tag="752"><subfield code="a">United States</subfield><subfield code="b">Tennessee</subfield><subfield code="c">Monroe</subfield><subfield code="d">Madisonville.</subfield></datafield><datafield ind1="0" ind2="0" tag="780"><subfield code="t">Monroe County citizen-democrat</subfield><subfield code="w">(DLC)sn 97065414</subfield></datafield><datafield ind1="0" ind2="0" tag="785"><subfield code="t">Monroe County observer</subfield><subfield code="w">(DLC)sn 97065416</subfield></datafield></record>